<?xml version="1.0" encoding="UTF-8"?><collection xmlns="http://www.loc.gov/MARC21/slim"><record><leader>00323nam--2200121-i-4500</leader><controlfield tag="001">000020635</controlfield><controlfield tag="002">20161230</controlfield><controlfield tag="005">20161230201033</controlfield><controlfield tag="008">060222s1000------------r-----000-0-eng-d</controlfield><datafield ind1=" " ind2=" " tag="080"><subfield code="a">061(4)AIEA</subfield></datafield><datafield ind1=" " ind2=" " tag="245"><subfield code="a">Les activites de cooperation technique de l`aiea dans les annees 90</subfield></datafield><datafield ind1=" " ind2=" " tag="260"><subfield code="a">Vienna, Iaea, 1995 35 Pg</subfield></datafield><datafield ind1=" " ind2=" " tag="852"><subfield code="a">80527</subfield></datafield></record></collection>